
@article {vickers_geometric_logic,
AUTHOR = {Vickers, Steven},
TITLE = {Continuity and geometric logic},
JOURNAL = {J. Appl. Log.},
VOLUME = {12},
YEAR = {2014},
NUMBER = {1},
PAGES = {14--27},
note = {\href{https://www.cs.bham.ac.uk/~sjv/GeoAspects.pdf}{cs.bham.ac.uk/$\sim$sjv/GeoAspects.pdf}},
}

@misc {vickers_valuation_locales,
author = {Vickers, Steve},
title = {A monad of valuation locales},
note = {\href{https://www.cs.bham.ac.uk/~sjv/Riesz.pdf}{cs.bham.ac.uk/$\sim$sjv/Riesz.pdf}},
year = {2011},
}

@article {vickers_integrals,
AUTHOR = {Vickers, Steven},
TITLE = {A localic theory of lower and upper integrals},
JOURNAL = {MLQ Math. Log. Q.},
VOLUME = {54},
YEAR = {2008},
NUMBER = {1},
PAGES = {109--123},
note = {\href{https://www.cs.bham.ac.uk/~sjv/integration.pdf}{cs.bham.ac.uk/$\sim$sjv/integration.pdf}},
}

@article{doob1934stochastic,
  title={Stochastic processes and statistics},
  author={Doob, Joseph L},
  journal={Proceedings of the National Academy of Sciences of the United States of America},
  volume={20},
  number={6},
  pages={376},
  year={1934},
  publisher={National Academy of Sciences}
}

@book{einstein1956investigations,
  title={Investigations on the Theory of the Brownian Movement},
  author={Einstein, Albert},
  year={1956},
  publisher={Courier Corporation}
}

@article{danos2015dirichlet,
  title={Dirichlet is natural},
  author={Danos, Vincent and Garnier, Ilias},
  journal={Electronic Notes in Theoretical Computer Science},
  volume={319},
  pages={137--164},
  year={2015},
  publisher={Elsevier}
}

@book{schultz2019temporal,
  Author = {Schultz, Patrick and Spivak, David I.},
  Title = {Temporal Type Theory: A topos-theoretic approach to systems and behavior},
  Year = {2019},
  Publisher = {Springer, Birkh\"auser},
  note = {\href{https://arxiv.org/abs/1710.10258}{arXiv:17010.10258}},
}

@misc{henry2012simplification,
  title={Simplification in Semi-continuous real?},
  author={Henry, Simon},
  year={2012},
  publisher={Mathoverflow},
  note={\href{https://mathoverflow.net/questions/108029}{mathoverflow.net/questions/108029}},
}

@article{moerdijk1984spaced,
  title={Spaced spaces},
  author={Moerdijk, Ieke},
  journal={Compositio Mathematica},
  volume={53},
  number={2},
  pages={171--209},
  year={1984}
}

@book{MacLane.Moerdijk:1992a,
author = {MacLane, Saunders and Moerdijk, Ieke},
publisher = {Springer},
title = {Sheaves in Geometry and Logic: A First Introduction to Topos Theory},
year = {1992},
}

@phdthesis{blechschmidt2017internal,
	author = {Blechschmidt, Ingo},
	title = {Using the internal language of toposes in algebraic geometry},
	school = {University of Augsburg},
	year = {2017},
	note = {\href{https://rawgit.com/iblech/internal-methods/master/notes.pdf}{rawgit.com/iblech/internal-methods/master/notes.pdf}},
}

@article {garner2012ionads,
AUTHOR = {Garner, Richard},
TITLE = {Ionads},
JOURNAL = {J. Pure Appl. Algebra},
VOLUME = {216},
YEAR = {2012},
NUMBER = {8-9},
PAGES = {1734--1747},
note = {\href{https://arxiv.org/abs/0912.1415}{arXiv:0912.1415}},
}
